<?xml version="1.0" encoding="UTF-8"?><collection xmlns="http://www.loc.gov/MARC21/slim"><record><leader>00538nam--2200181-u-4500</leader><controlfield tag="001">000050644</controlfield><controlfield tag="002">20161230</controlfield><controlfield tag="005">20161230201048</controlfield><controlfield tag="008">080226s1000------------r-----000-0-eng-d</controlfield><datafield ind1=" " ind2=" " tag="020"><subfield code="a">13978-981-270-062-9(pbk)</subfield></datafield><datafield ind1=" " ind2=" " tag="040"><subfield code="a">IFIN-HH</subfield></datafield><datafield ind1="1" ind2=" " tag="100"><subfield code="a">Griffiths, Phillip A</subfield></datafield><datafield ind1="1" ind2="0" tag="245"><subfield code="a">Transpired by S.S.Chern. A Memorial Volume in Horor of A Great Mathematician</subfield></datafield><datafield ind1=" " ind2=" " tag="260"><subfield code="a">New Jersey</subfield><subfield code="b">World Sc.Publ.Co</subfield><subfield code="c">2006</subfield></datafield><datafield ind1=" " ind2=" " tag="300"><subfield code="a">513 p</subfield></datafield><datafield ind1=" " ind2=" " tag="490"><subfield code="a">Nankai Tracts in mathematics</subfield><subfield code="v">Vol.11</subfield></datafield><datafield ind1=" " ind2=" " tag="852"><subfield code="a">81929</subfield><subfield code="c">513.73</subfield></datafield><datafield ind1=" " ind2=" " tag="CAT"><subfield code="a">Sys</subfield><subfield code="c">20080924</subfield><subfield code="h">085048</subfield></datafield></record></collection>